<record><leader>00000cas a2200000Ma 4500</leader><controlfield tag="001">10957842</controlfield><controlfield tag="008">840717d187618uualuwr ne      0    0eng d</controlfield><datafield ind1=" " ind2=" " tag="010"><subfield code="a">sn 84023512 </subfield></datafield><datafield ind1=" " ind2=" " tag="040"><subfield code="a">AQM</subfield><subfield code="b">eng</subfield><subfield code="c">AQM</subfield><subfield code="d">OCLCG</subfield><subfield code="d">OCLCQ</subfield></datafield><datafield ind1="0" ind2=" " tag="130"><subfield code="a">New South (Hunstville, Ala. : 1876)</subfield></datafield><datafield ind1="1" ind2="4" tag="245"><subfield code="a">The new South.</subfield></datafield><datafield ind1=" " ind2=" " tag="260"><subfield code="a">Huntsville, Ala. :</subfield><subfield code="b">D.R. Hundley</subfield></datafield><datafield ind1=" " ind2=" " tag="300"><subfield code="a">v.</subfield></datafield><datafield ind1=" " ind2=" " tag="310"><subfield code="a">Weekly</subfield></datafield><datafield ind1="1" ind2=" " tag="362"><subfield code="a">Began in Jan. 1876.</subfield><subfield code="z">Cf. Publisher's statement.</subfield></datafield><datafield ind1=" " ind2=" " tag="500"><subfield code="a">Editor: D.R. Hundley, &lt;1876&gt;.</subfield></datafield><datafield ind1=" " ind2=" " tag="580"><subfield code="a">Continues: North Alabama reporter (non-extant?). Cf. publisher's statement.</subfield></datafield><datafield ind1=" " ind2=" " tag="588"><subfield code="a">Description based on: Vol. 1, no. 32 (Aug. 10, 1876).</subfield></datafield><datafield ind1=" " ind2="7" tag="655"><subfield code="a">Newspapers.</subfield><subfield code="2">rbgenr</subfield></datafield><datafield ind1="1" ind2=" " tag="700"><subfield code="a">Hundley, Daniel R.</subfield><subfield code="q">(Daniel Robinson),</subfield><subfield code="d">1832-1899.</subfield></datafield><datafield ind1=" " ind2=" " tag="752"><subfield code="a">United States</subfield><subfield code="b">Alabama</subfield><subfield code="c">Madison</subfield><subfield code="d">Huntsville.</subfield></datafield><datafield ind1="1" ind2="0" tag="780"><subfield code="t">North Alabama reporter</subfield></datafield></record>